% This file was created with Citavi 6.8.0.0


@misc{mozillatuto1,
 abstract = {Congratulations, you've completed the first step in your Django journey!{\&}nbsp;You should now understand Django's main benefits, a little about its history, and roughly what each of the main parts of a Django app might look like. You should have also learned a few things about the Python programming language, including the syntax for lists, functions, and classes.},
 year = {22.01.2021},
 title = {{Django introduction - Learn web development | MDN}},
 howpublished = "\url{https://developer.mozilla.org/en-US/docs/Learn/Server-side/Django/Introduction}",
 urldate = {26.01.2021}
}


@misc{mvc,
 year = {25.01.2021},
 title = {{MVC (model view controller) :: Modell-Ansicht-Steuerung :: ITWissen.info}},
 howpublished = "\url{https://www.itwissen.info/MVC-model-view-controller-Modell-Ansicht-Steuerung.html}",
 urldate = {25.01.2021}
}


@misc{webframe,
 year = {25.01.2021},
 title = {{Web-Framework :: web framework :: ITWissen.info}},
 howpublished = "\url{https://www.itwissen.info/Web-Framework-web-framework.html}",
 urldate = {25.01.2021}
}




@misc{mozillatuto2,
 abstract = {You now have a Django development environment up and running on your computer.},
 year = {27.01.2021},
 title = {{Setting up a Django development environment - Learn web development | MDN}},
 howpublished = "\url{https://developer.mozilla.org/en-US/docs/Learn/Server-side/Django/development_environment}",
 urldate = {28.01.2021}
}


@misc{mozillatuto3,
 abstract = {Now that you know a bit more about the LocalLibrary website and what you're going to learn,{\&}nbsp;it's time to start creating a skeleton project to contain our example.},
 year = {27.01.2021},
 title = {{Django Tutorial: The Local Library website - Learn web development | MDN}},
 howpublished = "\url{https://developer.mozilla.org/en-US/docs/Learn/Server-side/Django/Tutorial_local_library_website}",
 urldate = {28.01.2021}
}


@misc{mozillatuto4,
 abstract = {You have now created a complete{\&}nbsp;skeleton{\&}nbsp;website project,{\&}nbsp;which you can go on to populate with urls, models,{\&}nbsp;views, and templates.},
 year = {27.01.2021},
 title = {{Django Tutorial Part 2: Creating a skeleton website - Learn web development | MDN}},
 howpublished = "\url{https://developer.mozilla.org/en-US/docs/Learn/Server-side/Django/skeleton_website}",
 urldate = {28.01.2021}
}


@misc{mozillatuto5,
 abstract = {In this article we've learned how models are defined, and then used this information to design and implement appropriate models for the LocalLibrary website.},
 year = {27.01.2021},
 title = {{Django Tutorial Part 3: Using models - Learn web development | MDN}},
 howpublished = "\url{https://developer.mozilla.org/en-US/docs/Learn/Server-side/Django/Models}",
 urldate = {28.01.2021}
}


@misc{mozillatuto6,
 abstract = {That's it! You've now learned how to set up the administration site in both its simplest and improved form, how to create a superuser, and how to navigate the admin site and view, delete, and update records. Along the way you've created a bunch of Books, BookInstances, Genres, and Authors that we'll be able to list and display once we create our own view and templates.},
 year = {27.01.2021},
 title = {{Django Tutorial Part 4: Django admin site - Learn web development | MDN}},
 howpublished = "\url{https://developer.mozilla.org/en-US/docs/Learn/Server-side/Django/Admin_site}",
 urldate = {28.01.2021}
}


@misc{mozillatuto7,
 abstract = {We just created the home page for our site{\&}nbsp;--- an HTML page that displays a number of records from the database and links to other yet-to-be-created pages. Along the way we{\&}nbsp;learned fundamental information about url mappers, views, querying the database with models, passing information to a template from a view, and creating{\&}nbsp;and extending templates.},
 year = {27.01.2021},
 title = {{Django Tutorial Part 5: Creating our home page - Learn web development | MDN}},
 howpublished = "\url{https://developer.mozilla.org/en-US/docs/Learn/Server-side/Django/Home_page}",
 urldate = {28.01.2021}
}


@misc{mozillatuto8,
 abstract = {Congratulations, our basic library functionality is now complete!},
 year = {27.01.2021},
 title = {{Django Tutorial Part 6: Generic list and detail views - Learn web development | MDN}},
 howpublished = "\url{https://developer.mozilla.org/en-US/docs/Learn/Server-side/Django/Generic_views}",
 urldate = {28.01.2021}
}


@misc{mozillatuto9,
 abstract = {You now know how easy it is to use sessions to improve your interaction with anonymous users.},
 year = {27.01.2021},
 title = {{Django Tutorial Part 7: Sessions framework - Learn web development | MDN}},
 howpublished = "\url{https://developer.mozilla.org/en-US/docs/Learn/Server-side/Django/Sessions}",
 urldate = {28.01.2021}
}


@misc{mozillatuto10,
 abstract = {Excellent work --- you've now created a website that library members can log in into and view their own content and that librarians (with the correct permission) can use to view all loaned books and their borrowers. At the moment we're still just viewing content, but the same principles and techniques are used when you want to start modifying and adding data.},
 year = {27.01.2021},
 title = {{Django Tutorial Part 8: User authentication and permissions - Learn web development | MDN}},
 howpublished = "\url{https://developer.mozilla.org/en-US/docs/Learn/Server-side/Django/Authentication}",
 urldate = {28.01.2021}
}


@misc{mozillatuto11,
 abstract = {Creating and handling forms can be a complicated process! Django makes it much easier by providing programmatic mechanisms to declare, render, and validate forms. Furthermore, Django provides generic form editing views that can do almost all the work to define pages that can create, edit, and delete records associated with a single model instance.},
 year = {27.01.2021},
 title = {{Django Tutorial Part 9: Working with forms - Learn web development | MDN}},
 howpublished = "\url{https://developer.mozilla.org/en-US/docs/Learn/Server-side/Django/Forms}",
 urldate = {28.01.2021}
}


@misc{mozillatuto12,
 abstract = {Writing test code is neither fun nor glamorous, and is consequently often left to last (or not at all) when creating a website. It is however an essential part of making sure that your code is safe to release after making changes, and cost-effective to maintain.},
 year = {27.01.2021},
 title = {{Django Tutorial Part 10: Testing a Django web application - Learn web development | MDN}},
 howpublished = "\url{https://developer.mozilla.org/en-US/docs/Learn/Server-side/Django/Testing}",
 urldate = {28.01.2021}
}


@misc{mozillatuto13,
 year = {27.01.2021},
 title = {{Django Tutorial Part 11: Deploying Django to production - Learn web development | MDN}},
 howpublished = "\url{https://developer.mozilla.org/en-US/docs/Learn/Server-side/Django/Deployment}",
 urldate = {28.01.2021}
}


@misc{djangotuto3,
 year = {28.01.2021},
 title = {{Writing your first Django app, part 1 | Django documentation | Django}},
 howpublished = "\url{https://docs.djangoproject.com/en/3.1/intro/tutorial01/}",
 urldate = {28.01.2021}
}


@misc{djangotuto1,
 year = {31.01.2021},
 title = {{Django at a glance | Django documentation | Django}},
 howpublished = "\url{https://docs.djangoproject.com/en/3.1/intro/overview/}",
 urldate = {31.01.2021}
}


@misc{djangotuto2,
 year = {31.01.2021},
 title = {{Quick install guide | Django documentation | Django}},
 howpublished = "\url{https://docs.djangoproject.com/en/3.1/intro/install/}",
 urldate = {31.01.2021}
}



@misc{djangotuto4,
 year = {28.01.2021},
 title = {{Writing your first Django app, part 2 | Django documentation | Django}},
 howpublished = "\url{https://docs.djangoproject.com/en/3.1/intro/tutorial02/}",
 urldate = {28.01.2021}
}


@misc{djangotuto9,
 year = {28.01.2021},
 title = {{Writing your first Django app, part 7 | Django documentation | Django}},
 howpublished = "\url{https://docs.djangoproject.com/en/3.1/intro/tutorial07/}",
 urldate = {28.01.2021}
}


@misc{djangotuto8,
 year = {28.01.2021},
 title = {{Writing your first Django app, part 6 | Django documentation | Django}},
 howpublished = "\url{https://docs.djangoproject.com/en/3.1/intro/tutorial06/}",
 urldate = {28.01.2021}
}


@misc{djangotuto7,
 year = {28.01.2021},
 title = {{Writing your first Django app, part 5 | Django documentation | Django}},
 howpublished = "\url{https://docs.djangoproject.com/en/3.1/intro/tutorial05/}",
 urldate = {28.01.2021}
}


@misc{djangotuto6,
 year = {28.01.2021},
 title = {{Writing your first Django app, part 4 | Django documentation | Django}},
 howpublished = "\url{https://docs.djangoproject.com/en/3.1/intro/tutorial04/}",
 urldate = {28.01.2021}
}


@misc{djangotuto5,
 year = {28.01.2021},
 title = {{Writing your first Django app, part 3 | Django documentation | Django}},
 howpublished = "\url{https://docs.djangoproject.com/en/3.1/intro/tutorial03/}",
 urldate = {28.01.2021}
}


@misc{guru,
 abstract = {This tutorial explains what Traceability Matrix means and why it is important.Requirement Traceability Matrix or RTM captures all requirements proposed by the client or software development team},
 year = {29.01.2021},
 title = {{What is Requirements Traceability Matrix (RTM)? Example Template}},
 howpublished = "\url{https://www.guru99.com/traceability-matrix.html}",
 urldate = {29.01.2021}
}


@misc{testcollabprice,
 abstract = {Choose Between Self-hosted owned license or hosted monthly license},
 year = {29.01.2021},
 title = {{Pricing | Test Collab}},
 howpublished = "\url{https://testcollab.com/pricing/}",
 urldate = {29.01.2021}
}
% This file was created with Citavi 6.8.0.0

@misc{testlodge,
 abstract = {Online test management tool, allowing you and your QA team to collaboratively manage test plans, requirements, test suites, test cases and test runs with ease.},
 year = {31.01.2021},
 title = {{Online Test Case Management Tool - TestLodge}},
 howpublished = "\url{https://www.testlodge.com/}",
 urldate = {31.01.2021}
}




@misc{testcollab,
 abstract = {Test Collab is a  test management software tool  which helps agile teams to manage their testing. It offers issue manager integration with famous bug tracking tools like jira, asana, trello and more.},
 year = {29.01.2021},
 title = {{Best Test Management Software {\&} Test Case Management Tool}},
 howpublished = "\url{https://testcollab.com/}",
 urldate = {29.01.2021}
}


@misc{testcaselab,
 year = {29.01.2021},
 title = {{TestCaseLab - Powerful tool for QA engineers}},
 howpublished = "\url{https://testcaselab.com/}",
 urldate = {29.01.2021}
}


@misc{signup,
 year = {31.01.2021},
 title = {{Create Advanced User Sign Up View in Django | Step-by-Step - DEV Community}},
 howpublished = "\url{https://dev.to/coderasha/create-advanced-user-sign-up-view-in-django-step-by-step-k9m}",
 urldate = {31.01.2021}
}


@misc{heroku,
 abstract = {Heroku is a platform as a service (PaaS) that enables developers to build, run, and operate applications entirely in the cloud.},
 year = {31.01.2021},
 title = {{Cloud Application Platform | Heroku}},
 howpublished = "\url{https://www.heroku.com/}",
 urldate = {31.01.2021}
}


@misc{snack,
 year = {31.01.2021},
 title = {{How To Create a Snackbar / Toast}},
 howpublished = "\url{https://www.w3schools.com/howto/howto_js_snackbar.asp}",
 urldate = {31.01.2021}
}


@misc{jiraxray,
 abstract = {Plan, track, and manage your agile and software development projects in Jira. Customize your workflow, collaborate, and release great software.},
 author = {Atlassian},
 year = {29.01.2021},
 title = {{Jira | Issue {\&} Project Tracking Software | Atlassian}},
 howpublished = "\url{https://www.atlassian.com/software/jira}",
 urldate = {29.01.2021}
}


@misc{axure,
 abstract = {The most powerful way to plan, prototype and hand off to developers, all without code. Download a free trial and see why professionals choose Axure RP 9.},
 author = {Axure},
 year = {28.01.2021},
 title = {{Axure RP 9 - Prototypes, Specifications, and Diagrams in One Tool}},
 howpublished = "\url{https://www.axure.com/}",
 urldate = {28.01.2021}
}


@misc{nielsend,
 author = {Borchard, Johannes},
 year = {25.02.2020},
 title = {{10 Usability Heuristiken nach Nielsen - Systeme bewerten ohne zu fluchen}},
 howpublished = "\url{https://www.usabilityreport.de/usability-heuristiken-nielsen}",
 urldate = {29.01.2021}
}


@misc{djangowhat,
 abstract = {What is Django? It is an MVT web framework used to build web applications. It defines itself as a ``batteries included'' web framework},
 author = {Hackr.io},
 year = {26.01.2021},
 title = {{What is Django? Advantages and Disadvantages of using Django}},
 howpublished = "\url{https://hackr.io/blog/what-is-django-advantages-and-disadvantages-of-using-django}",
 urldate = {26.01.2021}
}


@misc{isousa,
 abstract = {Ergonomics of human-system interaction --- Part 11: Usability: Definitions and concepts},
 author = {ISO},
 year = {29.01.2021},
 title = {{ISO 9241-11:2018}},
 howpublished = "\url{https://www.iso.org/standard/63500.html}",
 urldate = {29.01.2021}
}


@misc{isoui,
 abstract = {Ergonomics of human-system interaction --- Part 110: Interaction principles},
 author = {ISO},
 year = {29.01.2021},
 title = {{ISO 9241-110:2020}},
 howpublished = "\url{https://www.iso.org/standard/75258.html}",
 urldate = {29.01.2021}
}


@misc{confirm,
 abstract = {I have some pages with forms in my application.

How can I secure the form in such a way that if someone navigates away or closes the browser tab, they should be prompted to to confirm they really want to leave the form with unsaved data?},
 author = {Khan},
 year = {2011},
 title = {{Warn user before leaving web page with unsaved changes}},
 howpublished = "\url{https://stackoverflow.com/questions/7317273/warn-user-before-leaving-web-page-with-unsaved-changes}",
 urldate = {31.01.2021}
}


@misc{sotimer,
 abstract = {I am looking for a simple count up timer in javascript. All the scripts I find are 'all singing all dancing'.  I just want a jQuery free, minimal fuss count up timer that displays in minutes and seconds.  Thanks.},
 author = {Mark},
 year = {2011},
 title = {plain count up timer in javascript},
 howpublished = "\url{https://stackoverflow.com/questions/5517597/plain-count-up-timer-in-javascript}",
 urldate = {31.01.2021}
}


% This file was created with Citavi 6.8.0.0

@misc{soallsame,
 author = {{Stack Overflow}},
 year = {31.01.2021},
 title = {{Python: determine if all items of a list are the same item - Stack Overflow}},
 howpublished = "\url{https://stackoverflow.com/questions/3787908/python-determine-if-all-items-of-a-list-are-the-same-item}",
 urldate = {31.01.2021}
}




@misc{nielsen,
 abstract = {Jakob Nielsen's 10 general principles for interaction design. They are called {\textquotedbl}heuristics{\textquotedbl} because they are broad rules of thumb and not specific usability guidelines.},
 author = {{Nielsen Norman Group}},
 year = {29.01.2021},
 title = {{10 Usability Heuristics for User Interface Design}},
 howpublished = "\url{https://www.nngroup.com/articles/ten-usability-heuristics/}",
 urldate = {29.01.2021}
}




@misc{qatouch,
 abstract = {A Test Case Management Tool that enables you to deliver high-quality software with multiple integrations, test reports, in-built requirements, and mind mapping tools.},
 author = {{QA Touch}},
 year = {19.01.2021},
 title = {{Test Case Management Tool | Software Test Management tool | QA Touch}},
 howpublished = "\url{https://www.qatouch.com/}",
 urldate = {29.01.2021}
}


@misc{xray,
 abstract = {The {\#}1 Manual {\&} Automated Testing App for Jira. Plan, Execute and Track your Quality Assurance with Requirements Traceability.},
 author = {Xray},
 year = {15.01.2021},
 title = {{Xray - Cutting Edge Test Management for Jira}},
 howpublished = "\url{https://www.getxray.app/}",
 urldate = {29.01.2021},
 file = {https://www.getxray.app/?utm_term=xray for jira&utm_campaign=Search - Xray UK%2FFR%2FDE - Branded - Xray&utm_source=adwords&utm_medium=ppc&hsa_acc=9970092548&hsa_cam=9413622852&hsa_grp=93771496205&hsa_ad=440338290634&hsa_src=g&hsa_tgt=kwd-336935776200&hsa_kw=xray for jira&hsa_mt=e&hsa_net=adwords&hsa_ver=3&gclid=CjwKCAiAgc-ABhA7EiwAjev-j1NgilZbvHjeOOszYrHnctf8aZNNVxNbC-hmFF2yEGBzPiH_H3qQvBoCPXAQAvD_BwE}
}


