% This file was created with Citavi 6.8.0.0

@book{pmbok,
 year = {2013},
 title = {{A guide to the project management body of knowledge (PMBOK guide)}},
 address = {Newtown Square, Pennsylvania},
 edition = {Fifth edition},
 publisher = {{Project Management Institute}},
 isbn = {978-1935589679},
 file = {http://www.worldcat.org/oclc/1037867820}
}




@book{softwaretesting,
 year = {2018},
 title = {{Software testing: A craftman's approach}},
 address = {Boca Raton},
 edition = {Fourth edition},
 publisher = {Auerbach},
 isbn = {9781315373478},
 editor = {Jorgensen, Paul},
 doi = {10.1201/b15980}
}

% This file was created with Citavi 6.8.0.0

@book{htm,
 author = {Hastenteufel, Mark and Renaud, Sina},
 year = {2019},
 title = {{Software als Medizinprodukt: Entwicklung und Zulassung von Software in der Medizintechnik}},
 price = {kart. : EUR 32.99 (DE)},
 isbn = {978-3-658-26487-1},
 series = {{Springer Lehrbuch}},
 file = {http://deposit.dnb.de/cgi-bin/dokserv?id=2b760374e172483cb4923d78b67c425c&prov=M&dok_var=1&dok_ext=htm},
 file = {http://swbplus.bsz-bw.de/bsz1665530987cov.htm},
 file = {http://www.springer.com/},
 file = {https://d-nb.info/1183946694/04}
}



@incollection{powerpoint,
 author = {Jorgensen, Paul C.},
 title = {{Exploratory Testing}},
 url = {http://www.kaner.com/pdfs/ETatQAI.pdf},
 urldate = {29.01.2021},
 pages = {369--374},
 publisher = {Auerbach},
 isbn = {9781315373478},
 editor = {Jorgensen, Paul},
 booktitle = {{Software testing}},
 year = {2018},
 address = {Boca Raton},
 doi = {10.1201/b15980-20},
 file = {9e25ff62-4e7c-487a-9310-a2db81a94190:C\:\\Users\\Florian\\AppData\\Local\\Swiss Academic Software\\Citavi 6\\ProjectCache\\f7ih8lumk8wnim35i3ga2xmf27v22ajrevmwuyigjzb445cda6\\Citavi Attachments\\9e25ff62-4e7c-487a-9310-a2db81a94190.pdf:pdf}
}
